
% note that the "DOI" tag doesn't work correctly; use "URL"

@article{markiewicz2021openneuro,
  title={The OpenNeuro resource for sharing of neuroscience data},
  author={Markiewicz, Christopher J and Gorgolewski, Krzysztof J and Feingold, Franklin and Blair, Ross and Halchenko, Yaroslav O and Miller, Eric and Hardcastle, Nell and Wexler, Joe and Esteban, Oscar and Goncavles, Mathias and others},
  journal={Elife},
  volume={10},
  pages={e71774},
  year={2021},
  publisher={eLife Sciences Publications Limited}
}

@article{sereno2013mapping,
  title={Mapping the human cortical surface by combining quantitative T 1 with retinotopy},
  author={Sereno, Martin I and Lutti, Antoine and Weiskopf, Nikolaus and Dick, Frederic},
  journal={Cerebral cortex},
  volume={23},
  number={9},
  pages={2261--2268},
  year={2013},
  publisher={Oxford University Press}
}

@article{park2013structural,
  title={Structural and functional brain networks: from connections to cognition},
  author={Park, Hae-Jeong and Friston, Karl},
  journal={Science},
  volume={342},
  number={6158},
  pages={1238411},
  year={2013},
  publisher={American Association for the Advancement of Science}
}

@article{honey2009predicting,
  title={Predicting human resting-state functional connectivity from structural connectivity},
  author={Honey, Christopher J and Sporns, Olaf and Cammoun, Leila and Gigandet, Xavier and Thiran, Jean-Philippe and Meuli, Reto and Hagmann, Patric},
  journal={Proceedings of the National Academy of Sciences},
  volume={106},
  number={6},
  pages={2035--2040},
  year={2009},
  publisher={National Acad Sciences}
}

@article{nieuwenhuys2013myeloarchitectonic,
  title={The myeloarchitectonic studies on the human cerebral cortex of the Vogt--Vogt school, and their significance for the interpretation of functional neuroimaging data},
  author={Nieuwenhuys, Rudolf},
  journal={Brain Structure and Function},
  volume={218},
  pages={303--352},
  year={2013},
  publisher={Springer}
}

@article{shams2019comparison,
  title={A comparison of in vivo MRI based cortical myelin mapping using T1w/T2w and R1 mapping at 3T},
  author={Shams, Zahra and Norris, David G and Marques, Jos{\'e} P},
  journal={PloS one},
  volume={14},
  number={7},
  pages={e0218089},
  year={2019},
  publisher={Public Library of Science San Francisco, CA USA}
}

@article{hong2018multidimensional,
  title={Multidimensional neuroanatomical subtyping of autism spectrum disorder},
  author={Hong, Seok-Jun and Valk, Sofie L and Di Martino, Adriana and Milham, Michael P and Bernhardt, Boris C},
  journal={Cerebral Cortex},
  volume={28},
  number={10},
  pages={3578--3588},
  year={2018},
  publisher={Oxford University Press}
}

@article{ecker2013intrinsic,
  title={Intrinsic gray-matter connectivity of the brain in adults with autism spectrum disorder},
  author={Ecker, Christine and Ronan, Lisa and Feng, Yue and Daly, Eileen and Murphy, Clodagh and Ginestet, Cedric E and Brammer, Michael and Fletcher, Paul C and Bullmore, Edward T and Suckling, John and others},
  journal={Proceedings of the National Academy of Sciences},
  volume={110},
  number={32},
  pages={13222--13227},
  year={2013},
  publisher={National Acad Sciences}
}

@article{paquola2020multi,
  title={A multi-scale cortical wiring space links cellular architecture and functional dynamics in the human brain},
  author={Paquola, Casey and Seidlitz, Jakob and Benkarim, Oualid and Royer, Jessica and Klimes, Petr and Bethlehem, Richard AI and Larivi{\'e}re, Sara and Vos de Wael, Reinder and Rodr\'{i}guez-Cruces, Raul and Hall, Jeffery A and others},
  journal={PLoS biology},
  volume={18},
  number={11},
  pages={e3000979},
  year={2020},
  publisher={Public Library of Science San Francisco, CA USA}
}


@article{miller2016multimodal,
  title={Multimodal population brain imaging in the UK Biobank prospective epidemiological study},
  author={Miller, Karla L and Alfaro-Almagro, Fidel and Bangerter, Neal K and Thomas, David L and Yacoub, Essa and Xu, Junqian and Bartsch, Andreas J and Jbabdi, Saad and Sotiropoulos, Stamatios N and Andersson, Jesper LR and others},
  journal={Nature neuroscience},
  volume={19},
  number={11},
  pages={1523--1536},
  year={2016},
  publisher={Nature Publishing Group US New York}
}


@article{dishner2024survey,
  title={A survey of publicly available MRI datasets for potential use in artificial intelligence research},
  author={Dishner, Katharine A and McRae-Posani, Bala and Bhowmik, Arka and Jochelson, Maxine S and Holodny, Andrei and Pinker, Katja and Eskreis-Winkler, Sarah and Stember, Joseph N},
  journal={Journal of Magnetic Resonance Imaging},
  volume={59},
  number={2},
  pages={450--480},
  year={2024},
  publisher={Wiley Online Library}
}


@article{white2022data,
  title={Data sharing and privacy issues in neuroimaging research: Opportunities, obstacles, challenges, and monsters under the bed},
  author={White, Tonya and Blok, Elisabet and Calhoun, Vince D},
  journal={Human Brain Mapping},
  volume={43},
  number={1},
  pages={278--291},
  year={2022},
  publisher={Wiley Online Library}
}

@article{sardanelli2018share,
  title={To share or not to share? Expected pros and cons of data sharing in radiological research},
  author={Sardanelli, Francesco and Al\'{i}, Marco and Hunink, Myriam G and Houssami, Nehmat and Sconfienza, Luca M and Di Leo, Giovanni},
  journal={European Radiology},
  volume={28},
  pages={2328--2335},
  year={2018},
  publisher={Springer}
}

@article{pomponio2019harmonization,
  title={Harmonization of large MRI datasets for the analysis of brain imaging patterns throughout the lifespan. NeuroImage, 208, Article 116450},
  author={Pomponio, R and Erus, G and Habes, M and Doshi, J and Srinivasan, D and Mamourian, E and Bashyam, V and Nasrallah, IM and Satterthwaite, TD and Fan, Y and others},
  year={2019}
}

@article{takao2014effects,
  title={Effects of study design in multi-scanner voxel-based morphometry studies},
  author={Takao, Hidemasa and Hayashi, Naoto and Ohtomo, Kuni},
  journal={Neuroimage},
  volume={84},
  pages={133--140},
  year={2014},
  publisher={Elsevier}
}

@article{shinohara2017volumetric,
  title={Volumetric analysis from a harmonized multisite brain MRI study of a single subject with multiple sclerosis},
  author={Shinohara, Russell T and Oh, Jiwon and Nair, Govind and Calabresi, Peter A and Davatzikos, Christos and Doshi, Jimit and Henry, Roland G and Kim, Gloria and Linn, Kristin A and Papinutto, Nico and others},
  journal={American Journal of Neuroradiology},
  volume={38},
  number={8},
  pages={1501--1509},
  year={2017},
  publisher={Am Soc Neuroradiology}
}


@article{zhu2011quantification,
  title={Quantification of accuracy and precision of multi-center DTI measurements: a diffusion phantom and human brain study},
  author={Zhu, Tong and Hu, Rui and Qiu, Xing and Taylor, Michael and Tso, Yuen and Yiannoutsos, Constantin and Navia, Bradford and Mori, Susumu and Ekholm, Sven and Schifitto, Giovanni and others},
  journal={Neuroimage},
  volume={56},
  number={3},
  pages={1398--1411},
  year={2011},
  publisher={Elsevier}
}


@article{goldfarb2022ai,
  title={Why is AI adoption in health care lagging?},
  author={Goldfarb, Avi and Teodoridis, Florenta},
  year={2022}
}

@inproceedings{buccigrossi2008neuroimaging,
  title={The Neuroimaging Informatics Tools and Resources Clearinghouse (NITRC).},
  author={Buccigrossi, Robert and Ellisman, Mark and Grethe, Jeffrey and Haselgrove, Christian and Kennedy, David N and Martone, Maryann and Preuss, Nina and Reynolds, Kent and Sullivan, Maureen and Turner, Judith and others},
  booktitle={AMIA... Annual Symposium proceedings. AMIA Symposium},
  pages={1000--1000},
  year={2008}
}


@article{menze2014multimodal,
  title={The multimodal brain tumor image segmentation benchmark (BRATS)},
  author={Menze, Bjoern H and Jakab, Andras and Bauer, Stefan and Kalpathy-Cramer, Jayashree and Farahani, Keyvan and Kirby, Justin and Burren, Yuliya and Porz, Nicole and Slotboom, Johannes and Wiest, Roland and others},
  journal={IEEE transactions on medical imaging},
  volume={34},
  number={10},
  pages={1993--2024},
  year={2014},
  publisher={IEEE}
}

@article{rohlfing2010sri24,
  title={The SRI24 multichannel atlas of normal adult human brain structure},
  author={Rohlfing, Torsten and Zahr, Natalie M and Sullivan, Edith V and Pfefferbaum, Adolf},
  journal={Human brain mapping},
  volume={31},
  number={5},
  pages={798--819},
  year={2010},
  publisher={Wiley Online Library}
}

@article{katti2011magnetic,
  title={Magnetic resonance imaging (MRI)--A review},
  author={Katti, Girish and Ara, Syeda Arshiya and Shireen, Ayesha},
  journal={International journal of dental clinics},
  volume={3},
  number={1},
  pages={65--70},
  year={2011},
  publisher={Celesta Software Private Limited}
}

@article{mills2014methods,
  title={Methods and considerations for longitudinal structural brain imaging analysis across development},
  author={Mills, Kathryn L and Tamnes, Christian K},
  journal={Developmental cognitive neuroscience},
  volume={9},
  pages={172--190},
  year={2014},
  publisher={Elsevier}
}

@article{gratton2022brain,
  title={Brain-behavior correlations: Two paths toward reliability},
  author={Gratton, Caterina and Nelson, Steven M and Gordon, Evan M},
  journal={Neuron},
  volume={110},
  number={9},
  pages={1446--1449},
  year={2022},
  publisher={Elsevier}
}

@article{thompson2014enigma,
  title={The ENIGMA Consortium: large-scale collaborative analyses of neuroimaging and genetic data},
  author={Thompson, Paul M and Stein, Jason L and Medland, Sarah E and Hibar, Derrek P and Vasquez, Alejandro Arias and Renteria, Miguel E and Toro, Roberto and Jahanshad, Neda and Schumann, Gunter and Franke, Barbara and others},
  journal={Brain imaging and behavior},
  volume={8},
  pages={153--182},
  year={2014},
  publisher={Springer}
}

@article{spitzer2022interpretable,
  title={Interpretable surface-based detection of focal cortical dysplasias: a Multi-centre Epilepsy Lesion Detection study},
  author={Spitzer, Hannah and Ripart, Mathilde and Whitaker, Kirstie and D'Arco, Felice and Mankad, Kshitij and Chen, Andrew A and Napolitano, Antonio and De Palma, Luca and De Benedictis, Alessandro and Foldes, Stephen and others},
  journal={Brain},
  volume={145},
  number={11},
  pages={3859--3871},
  year={2022},
  publisher={Oxford University Press US}
}

@article{holmes2015brain,
  title={Brain Genomics Superstruct Project initial data release with structural, functional, and behavioral measures},
  author={Holmes, Avram J and Hollinshead, Marisa O and O'keefe, Timothy M and Petrov, Victor I and Fariello, Gabriele R and Wald, Lawrence L and Fischl, Bruce and Rosen, Bruce R and Mair, Ross W and Roffman, Joshua L and others},
  journal={Scientific data},
  volume={2},
  number={1},
  pages={1--16},
  year={2015},
  publisher={Nature Publishing Group}
}

@article{bell2022harmonization,
  title={Harmonization of multi-site MRS data with ComBat},
  author={Bell, Tiffany K and Godfrey, Kate J and Ware, Ashley L and Yeates, Keith Owen and Harris, Ashley D},
  journal={NeuroImage},
  volume={257},
  pages={119330},
  year={2022},
  publisher={Elsevier}
}

@article{horien2021hitchhiker,
  title={A hitchhiker's guide to working with large, open-source neuroimaging datasets},
  author={Horien, Corey and Noble, Stephanie and Greene, Abigail S and Lee, Kangjoo and Barron, Daniel S and Gao, Siyuan and O'Connor, David and Salehi, Mehraveh and Dadashkarimi, Javid and Shen, Xilin and others},
  journal={Nature human behaviour},
  volume={5},
  number={2},
  pages={185--193},
  year={2021},
  publisher={Nature Publishing Group UK London}
}

@article{casey2018adolescent,
  title={The adolescent brain cognitive development (ABCD) study: imaging acquisition across 21 sites},
  author={Casey, Betty Jo and Cannonier, Tariq and Conley, May I and Cohen, Alexandra O and Barch, Deanna M and Heitzeg, Mary M and Soules, Mary E and Teslovich, Theresa and Dellarco, Danielle V and Garavan, Hugh and others},
  journal={Developmental cognitive neuroscience},
  volume={32},
  pages={43--54},
  year={2018},
  publisher={Elsevier}
}

@article{mueller2005alzheimer,
  title={The Alzheimer's disease neuroimaging initiative},
  author={Mueller, Susanne G and Weiner, Michael W and Thal, Leon J and Petersen, Ronald C and Jack, Clifford and Jagust, William and Trojanowski, John Q and Toga, Arthur W and Beckett, Laurel},
  journal={Neuroimaging Clinics},
  volume={15},
  number={4},
  pages={869--877},
  year={2005},
  publisher={Elsevier}
}

@article{thompson2020dataset,
  title={Dataset decay and the problem of sequential analyses on open datasets},
  author={Thompson, William Hedley and Wright, Jessey and Bissett, Patrick G and Poldrack, Russell A},
  journal={Elife},
  volume={9},
  pages={e53498},
  year={2020},
  publisher={eLife Sciences Publications, Ltd}
}

@article{fortin2017harmonization,
  title={Harmonization of multi-site diffusion tensor imaging data},
  author={Fortin, Jean-Philippe and Parker, Drew and Tun{\c{c}}, Birkan and Watanabe, Takanori and Elliott, Mark A and Ruparel, Kosha and Roalf, David R and Satterthwaite, Theodore D and Gur, Ruben C and Gur, Raquel E and others},
  journal={Neuroimage},
  volume={161},
  pages={149--170},
  year={2017},
  publisher={Elsevier}
}

@article{fortin2018harmonization,
  title={Harmonization of cortical thickness measurements across scanners and sites},
  author={Fortin, Jean-Philippe and Cullen, Nicholas and Sheline, Yvette I and Taylor, Warren D and Aselcioglu, Irem and Cook, Philip A and Adams, Phil and Cooper, Crystal and Fava, Maurizio and McGrath, Patrick J and others},
  journal={Neuroimage},
  volume={167},
  pages={104--120},
  year={2018},
  publisher={Elsevier}
}

@article{white2022data,
  title={Data sharing and privacy issues in neuroimaging research: Opportunities, obstacles, challenges, and monsters under the bed},
  author={White, Tonya and Blok, Elisabet and Calhoun, Vince D},
  journal={Human Brain Mapping},
  volume={43},
  number={1},
  pages={278--291},
  year={2022},
  publisher={Wiley Online Library}
}

@article{marek2024replicability,
  title={Replicability and generalizability in population psychiatric neuroimaging},
  author={Marek, Scott and Laumann, Timothy O},
  journal={Neuropsychopharmacology},
  volume={50},
  number={1},
  pages={52--57},
  year={2024},
  publisher={Springer International Publishing Cham}
}

@article{yang2024limits,
  title={The limits of fair medical imaging AI in real-world generalization},
  author={Yang, Yuzhe and Zhang, Haoran and Gichoya, Judy W and Katabi, Dina and Ghassemi, Marzyeh},
  journal={Nature Medicine},
  volume={30},
  number={10},
  pages={2838--2848},
  year={2024},
  publisher={Nature Publishing Group US New York}
}

@article{kiar2024experimental,
  title={Why experimental variation in neuroimaging should be embraced},
  author={Kiar, Gregory and Mumford, Jeanette A and Xu, Ting and Vogelstein, Joshua T and Glatard, Tristan and Milham, Michael P},
  journal={Nature Communications},
  volume={15},
  number={1},
  pages={9411},
  year={2024},
  publisher={Nature Publishing Group UK London}
}

@article{adkinson2024brain,
  title={Brain-phenotype predictions of language and executive function can survive across diverse real-world data: Dataset shifts in developmental populations},
  author={Adkinson, Brendan D and Rosenblatt, Matthew and Dadashkarimi, Javid and Tejavibulya, Link and Jiang, Rongtao and Noble, Stephanie and Scheinost, Dustin},
  journal={Developmental Cognitive Neuroscience},
  volume={70},
  pages={101464},
  year={2024},
  publisher={Elsevier}
}