@article{di2014autism,
  title={The autism brain imaging data exchange: towards a large-scale evaluation of the intrinsic brain architecture in autism},
  author={Di Martino, Adriana and Yan, Chao-Gan and Li, Qingyang and Denio, Erin and Castellanos, Francisco X and Alaerts, Kaat and Anderson, Jeffrey S and Assaf, Michal and Bookheimer, Susan Y and Dapretto, Mirella and others},
  journal={Molecular psychiatry},
  volume={19},
  number={6},
  pages={659--667},
  year={2014},
  publisher={Nature Publishing Group}
}


@article{di2017enhancing,
  title={Enhancing studies of the connectome in autism using the autism brain imaging data exchange II},
  author={Di Martino, Adriana and O’connor, David and Chen, Bosi and Alaerts, Kaat and Anderson, Jeffrey S and Assaf, Michal and Balsters, Joshua H and Baxter, Leslie and Beggiato, Anita and Bernaerts, Sylvie and others},
  journal={Scientific data},
  volume={4},
  number={1},
  pages={1--15},
  year={2017},
  publisher={Nature Publishing Group}
}


@article{adhd2012adhd,
  title={The ADHD-200 consortium: a model to advance the translational potential of neuroimaging in clinical neuroscience},
  author={ADHD-200 consortium},
  journal={Frontiers in systems neuroscience},
  volume={6},
  pages={62},
  year={2012},
  publisher={Frontiers Research Foundation}
}


@article{demidenko2024impact,
  title={Impact of analytic decisions on test-retest reliability of individual and group estimates in functional magnetic resonance imaging: a multiverse analysis using the monetary incentive delay task},
  author={Demidenko, Michael I and Mumford, Jeanette A and Poldrack, Russell A},
  journal={bioRxiv},
  pages={2024--03},
  year={2024},
  publisher={Cold Spring Harbor Laboratory}
}


@article{snoek2021amsterdam,
  title={The Amsterdam Open MRI Collection, a set of multimodal MRI datasets for individual difference analyses},
  author={Snoek, Lukas and van der Miesen, Maite M and Beemsterboer, Tinka and Van Der Leij, Andries and Eigenhuis, Annemarie and Steven Scholte, H},
  journal={Scientific data},
  volume={8},
  number={1},
  pages={85},
  year={2021},
  publisher={Nature Publishing Group UK London}
}


@article{arbula2021representation,
  title={Representation of social content in dorsomedial prefrontal cortex underlies individual differences in agreeableness trait},
  author={Arbula, Sandra and Pisanu, Elisabetta and Rumiati, Raffaella I},
  journal={NeuroImage},
  volume={235},
  pages={118049},
  year={2021},
  publisher={Elsevier}
}


@article{gibson2024aphasia,
  title={The Aphasia Recovery Cohort, an open-source chronic stroke repository},
  author={Gibson, Makayla and Newman-Norlund, Roger and Bonilha, Leonardo and Fridriksson, Julius and Hickok, Gregory and Hillis, Argye E and den Ouden, Dirk-Bart and Rorden, Christopher},
  journal={Scientific Data},
  volume={11},
  number={1},
  pages={981},
  year={2024},
  publisher={Nature Publishing Group UK London}
}


@article{rogers2020age,
  title={Age-related differences in auditory cortex activity during spoken word recognition},
  author={Rogers, Chad S and Jones, Michael S and McConkey, Sarah and Spehar, Brent and Van Engen, Kristin J and Sommers, Mitchell S and Peelle, Jonathan E},
  journal={Neurobiology of Language},
  volume={1},
  number={4},
  pages={452--473},
  year={2020},
  publisher={MIT Press One Rogers Street, Cambridge, MA 02142-1209, USA journals-info~…}
}


@article{penalver2024context,
  title={Context-dependent neural preparation for information relevance vs. probability},
  author={Penalver, Jose MG and Gonz{\'a}lez-Garc\'{i}a, Carlos and Palenciano, Ana F and Lopez-Garc\'{i}a, David and Ruz, Mar\'{i}a},
  journal={Imaging Neuroscience},
  volume={2},
  pages={1--21},
  year={2024},
  publisher={MIT Press 255 Main Street, 9th Floor, Cambridge, Massachusetts 02142, USA}
}


@article{deluca2019redefining,
  title={Redefining bilingualism as a spectrum of experiences that differentially affects brain structure and function},
  author={DeLuca, Vincent and Rothman, Jason and Bialystok, Ellen and Pliatsikas, Christos},
  journal={Proceedings of the National Academy of Sciences},
  volume={116},
  number={15},
  pages={7565--7574},
  year={2019},
  publisher={National Acad Sciences}
}


@article{suarez2019longitudinal,
  title={A longitudinal neuroimaging dataset on arithmetic processing in school children},
  author={Su{\'a}rez-Pellicioni, Macarena and Lytle, Marisa and Younger, Jessica W and Booth, James R},
  journal={Scientific data},
  volume={6},
  number={1},
  pages={1--14},
  year={2019},
  publisher={Nature Publishing Group}
}


@article{tetreault2016brain,
  title={Brain connectivity predicts placebo response across chronic pain clinical trials},
  author={T{\'e}treault, Pascal and Mansour, Ali and Vachon-Presseau, Etienne and Schnitzer, Thomas J and Apkarian, A Vania and Baliki, Marwan N},
  journal={PLoS biology},
  volume={14},
  number={10},
  pages={e1002570},
  year={2016},
  publisher={Public Library of Science San Francisco, CA USA}
}


@article{soler2022brain,
  title={Brain correlates of speech perception in schizophrenia patients with and without auditory hallucinations},
  author={Soler-Vidal, Joan and Fuentes-Claramonte, Paola and Salgado-Pineda, Pilar and Ramiro, Nuria and Garc\'{i}a-Le{\'o}n, Mar\'{i}a {\'A}ngeles and Torres, Mar\'{i}a Llanos and Ar{\'e}valo, Antonio and Guerrero-Pedraza, Amalia and Munuera, Josep and Sarr{\'o}, Salvador and others},
  journal={PloS one},
  volume={17},
  number={12},
  pages={e0276975},
  year={2022},
  publisher={Public Library of Science San Francisco, CA USA}
}


@article{lytle2020neuroimaging,
  title={A neuroimaging dataset of deductive reasoning in school-aged children},
  author={Lytle, Marisa N and Prado, J{\'e}r{\^o}me and Booth, James R},
  journal={Data in Brief},
  volume={33},
  pages={106405},
  year={2020},
  publisher={Elsevier}
}


@article{turesky2021brain,
  title={Brain morphometry and diminished physical growth in Bangladeshi children growing up in extreme poverty: A longitudinal study},
  author={Turesky, Ted K and Shama, Talat and Kakon, Shahria Hafiz and Haque, Rashidul and Islam, Nazrul and Someshwar, Amala and Gagoski, Borjan and Petri Jr, William A and Nelson, Charles A and Gaab, Nadine},
  journal={Developmental cognitive neuroscience},
  volume={52},
  pages={101029},
  year={2021},
  publisher={Elsevier}
}


@article{philips2024brain,
  title={Brain mechanisms discriminating enactive mental simulations of running and plogging},
  author={Philips, Roxane and Baeken, Chris and Billieux, Jo{\"e}l and Harris, James Madog and Maurage, Pierre and Muela, Ismael and {\"O}z, {\.I}rem Tu{\u{g}}{\c{c}}e and Pabst, Arthur and Sescousse, Guillaume and V{\"o}gele, Claus and others},
  journal={Human brain mapping},
  volume={45},
  number={12},
  pages={e26807},
  year={2024},
  publisher={Wiley Online Library}
}


@article{baid2021rsna,
  title={The rsna-asnr-miccai brats 2021 benchmark on brain tumor segmentation and radiogenomic classification},
  author={Baid, Ujjwal and Ghodasara, Satyam and Mohan, Suyash and Bilello, Michel and Calabrese, Evan and Colak, Errol and Farahani, Keyvan and Kalpathy-Cramer, Jayashree and Kitamura, Felipe C and Pati, Sarthak and others},
  journal={arXiv preprint arXiv:2107.02314},
  year={2021}
}


@article{kliemann2022caltech,
  title={Caltech Conte Center, a multimodal data resource for exploring social cognition and decision-making},
  author={Kliemann, Dorit and Adolphs, Ralph and Armstrong, Tim and Galdi, Paola and Kahn, David A and Rusch, Tessa and Enkavi, A Zeynep and Liang, Deuhua and Lograsso, Steven and Zhu, Wenying and others},
  journal={Scientific Data},
  volume={9},
  number={1},
  pages={138},
  year={2022},
  publisher={Nature Publishing Group UK London}
}


@article{grossinger2021role,
  title={The role of superstition of cognitive control during neurofeedback training},
  author={Gr{\"o}ssinger, Doris and Fischmeister, Florian Ph S and Witte, Matthias and Koschutnig, Karl and Ninaus, Manuel and Neuper, Christa and Kober, Silvia Erika and Wood, Guilherme},
  journal={bioRxiv},
  pages={2021--09},
  year={2021},
  publisher={Cold Spring Harbor Laboratory}
}




@article{gera2023characterizing,
  title={Characterizing habit learning in the human brain at the individual and group levels: A multi-modal MRI study},
  author={Gera, Rani and Or, Maya Bar and Tavor, Ido and Roll, Dana and Cockburn, Jeffrey and Barak, Segev and Tricomi, Elizabeth and O'Doherty, John P and Schonberg, Tom},
  journal={NeuroImage},
  volume={272},
  pages={120002},
  year={2023},
  publisher={Elsevier}
}


@article{tomova2020acute,
  title={Acute social isolation evokes midbrain craving responses similar to hunger},
  author={Tomova, Livia and Wang, Kimberly L and Thompson, Todd and Matthews, Gillian A and Takahashi, Atsushi and Tye, Kay M and Saxe, Rebecca},
  journal={Nature neuroscience},
  volume={23},
  number={12},
  pages={1597--1605},
  year={2020},
  publisher={Nature Publishing Group}
}




@article{baranger2021aberrant,
  title={Aberrant levels of cortical myelin distinguish individuals with unipolar depression from healthy controls},
  author={Baranger, David AA and Halchenko, Yaroslav O and Satz, Skye and Ragozzino, Rachel and Iyengar, Satish and Swartz, Holly A and Manelis, Anna},
  journal={medRxiv},
  pages={2021--02},
  year={2021},
  publisher={Cold Spring Harbor Laboratory Press}
}


@article{alexander2017open,
  title={An open resource for transdiagnostic research in pediatric mental health and learning disorders},
  author={Alexander, Lindsay M and Escalera, Jasmine and Ai, Lei and Andreotti, Charissa and Febre, Karina and Mangone, Alexander and Vega-Potler, Natan and Langer, Nicolas and Alexander, Alexis and Kovacs, Meagan and others},
  journal={Scientific data},
  volume={4},
  number={1},
  pages={1--26},
  year={2017},
  publisher={Nature Publishing Group}
}


@article{zuo2014open,
  title={An open science resource for establishing reliability and reproducibility in functional connectomics},
  author={Zuo, Xi-Nian and Anderson, Jeffrey S and Bellec, Pierre and Birn, Rasmus M and Biswal, Bharat B and Blautzik, Janusch and Breitner, John and Buckner, Randy L and Calhoun, Vince D and Castellanos, F Xavier and others},
  journal={Scientific data},
  volume={1},
  number={1},
  pages={1--13},
  year={2014},
  publisher={Nature Publishing Group}
}


@article{ito2017cognitive,
  title={Cognitive task information is transferred between brain regions via resting-state network topology},
  author={Ito, Takuya and Kulkarni, Kaustubh R and Schultz, Douglas H and Mill, Ravi D and Chen, Richard H and Solomyak, Levi I and Cole, Michael W},
  journal={Nature communications},
  volume={8},
  number={1},
  pages={1027},
  year={2017},
  publisher={Nature Publishing Group UK London}
}


@article{rovai2024cvrmap,
  title={CVRmap—a complete cerebrovascular reactivity mapping post-processing BIDS toolbox},
  author={Rovai, Antonin and Lolli, Valentina and Trotta, Nicola and Goldman, Serge and De Ti{\`e}ge, Xavier},
  journal={Scientific Reports},
  volume={14},
  number={1},
  pages={7252},
  year={2024},
  publisher={Nature Publishing Group UK London}
}


@article{lytle2020neuroimaging,
  title={A neuroimaging dataset on orthographic, phonological and semantic word processing in school-aged children},
  author={Lytle, Marisa N and Bitan, Tali and Booth, James R},
  journal={Data in brief},
  volume={28},
  pages={105091},
  year={2020},
  publisher={Elsevier}
}


@article{shao2023cross,
  title={Cross-stage neural pattern similarity in the hippocampus predicts false memory derived from post-event inaccurate information},
  author={Shao, Xuhao and Li, Ao and Chen, Chuansheng and Loftus, Elizabeth F and Zhu, Bi},
  journal={Nature Communications},
  volume={14},
  number={1},
  pages={2299},
  year={2023},
  publisher={Nature Publishing Group UK London}
}


@article{bush2022action,
  title={Action-value processing underlies the role of the dorsal anterior cingulate cortex in performance monitoring during self-regulation of affect},
  author={Bush, Keith A and James, G Andrew and Privratsky, Anthony A and Fialkowski, Kevin P and Kilts, Clinton D},
  journal={Plos one},
  volume={17},
  number={8},
  pages={e0273376},
  year={2022},
  publisher={Public Library of Science San Francisco, CA USA}
}


@article{kable2017no,
  title={No effect of commercial cognitive training on brain activity, choice behavior, or cognitive performance},
  author={Kable, Joseph W and Caulfield, M Kathleen and Falcone, Mary and McConnell, Mairead and Bernardo, Leah and Parthasarathi, Trishala and Cooper, Nicole and Ashare, Rebecca and Audrain-McGovern, Janet and Hornik, Robert and others},
  journal={Journal of Neuroscience},
  volume={37},
  number={31},
  pages={7390--7402},
  year={2017},
  publisher={Soc Neuroscience}
}


@article{bissett2024cognitive,
  title={Cognitive tasks, anatomical MRI, and functional MRI data evaluating the construct of self-regulation},
  author={Bissett, Patrick G and Eisenberg, Ian W and Shim, Sunjae and Rios, Jaime Ali H and Jones, Henry M and Hagen, McKenzie P and Enkavi, A Zeynep and Li, Jamie K and Mumford, Jeanette A and MacKinnon, David P and others},
  journal={Scientific Data},
  volume={11},
  number={1},
  pages={809},
  year={2024},
  publisher={Nature Publishing Group UK London}
}


@article{scholz2022can,
  title={Can we have a second helping? A preregistered direct replication study on the neurobiological mechanisms underlying self-control},
  author={Scholz, Christin and Chan, Hang-Yee and Poldrack, Russell A and De Ridder, Denise TD and Smidts, Ale and Van Der Laan, Laura Nynke},
  journal={Human brain mapping},
  volume={43},
  number={16},
  pages={4995--5016},
  year={2022},
  publisher={Wiley Online Library}
}


@article{nussenbaum2021developmental,
  title={Developmental change in prefrontal cortex recruitment supports the emergence of value-guided memory},
  author={Nussenbaum, Kate and Hartley, Catherine A},
  journal={Elife},
  volume={10},
  pages={e69796},
  year={2021},
  publisher={eLife Sciences Publications Limited}
}


@article{fynes2019differentiation,
  title={Differentiation of functional networks during long-term memory retrieval in children and adolescents},
  author={Fynes-Clinton, Samuel and Marstaller, Lars and Burianov{\'a}, Hana},
  journal={NeuroImage},
  volume={191},
  pages={93--103},
  year={2019},
  publisher={Elsevier}
}


@article{mcdonough2016discrepancies,
  title={Discrepancies between fluid and crystallized ability in healthy adults: a behavioral marker of preclinical Alzheimer's disease},
  author={McDonough, Ian M and Bischof, G{\'e}rard N and Kennedy, Kristen M and Rodrigue, Karen M and Farrell, Michelle E and Park, Denise C},
  journal={Neurobiology of aging},
  volume={46},
  pages={68--75},
  year={2016},
  publisher={Elsevier}
}


@article{ntoumanis2024deciphering,
  title={Deciphering the neural responses to a naturalistic persuasive message},
  author={Ntoumanis, Ioannis and Sheronova, Julia and Davydova, Alina and Dolgaleva, Maria and J{\"a}{\"a}skel{\"a}inen, Iiro P and Kosonogov, Vladimir and Shestakova, Anna N and Klucharev, Vasily},
  journal={Proceedings of the National Academy of Sciences},
  volume={121},
  number={43},
  pages={e2401317121},
  year={2024},
  publisher={National Academy of Sciences}
}


@article{shao2024age,
  title={Age-related decline in BBB function is more pronounced in males than females},
  author={Shao, Xingfeng and Shou, Qinyang and Felix, Kimberly and Ojogho, Brandon and Jiang, Xuejuan and Gold, Brian T and Herting, Megan M and Goldwaser, Eric L and Kochunov, Peter and Hong, L Elliot and others},
  journal={bioRxiv},
  year={2024},
  publisher={Cold Spring Harbor Laboratory Preprints}
} 


@article{meyer2019dynamic,
  title={Dynamic threat processing},
  author={Meyer, Christian and Padmala, Srikanth and Pessoa, Luiz},
  journal={Journal of cognitive neuroscience},
  volume={31},
  number={4},
  pages={522--542},
  year={2019},
  publisher={MIT Press One Rogers Street, Cambridge, MA 02142-1209, USA journals-info~…}
}




@article{castrillon2023energy,
  title={An energy costly architecture of neuromodulators for human brain evolution and cognition},
  author={Castrillon, Gabriel and Epp, Samira and Bose, Antonia and Fraticelli, Laura and Hechler, Andr{\'e} and Belenya, Roman and Ranft, Andreas and Yakushev, Igor and Utz, Lukas and Sundar, Lalith and others},
  journal={Science advances},
  volume={9},
  number={50},
  pages={eadi7632},
  year={2023},
  publisher={American Association for the Advancement of Science}
}


@article{mckay2024modeling,
  title={Modeling Shared and Specific Variances of Irritability, Inattention, and Hyperactivity Yields Novel Insights Into White Matter Perturbations},
  author={McKay, Cameron C and Scheinberg, Brooke and Xu, Ellie P and Kircanski, Katharina and Pine, Daniel S and Brotman, Melissa A and Leibenluft, Ellen and Linke, Julia O},
  journal={Journal of the American Academy of Child \& Adolescent Psychiatry},
  year={2024},
  publisher={Elsevier}
}


@article{lee2018arousal,
  title={Arousal increases neural gain via the locus coeruleus--noradrenaline system in younger adults but not in older adults},
  author={Lee, Tae-Ho and Greening, Steven G and Ueno, Taiji and Clewett, David and Ponzio, Allison and Sakaki, Michiko and Mather, Mara},
  journal={Nature human behaviour},
  volume={2},
  number={5},
  pages={356--366},
  year={2018},
  publisher={Nature Publishing Group UK London}
}


@article{frank2023evaluating,
  title={Evaluating methods for measuring background connectivity in slow event-related functional magnetic resonance imaging designs},
  author={Frank, Lea E and Zeithamova, Dagmar},
  journal={Brain and Behavior},
  volume={13},
  number={6},
  pages={e3015},
  year={2023},
  publisher={Wiley Online Library}
}


@article{lloyd2021longitudinal,
  title={Longitudinal change in executive function is associated with impaired top-down frontolimbic regulation during reappraisal in older adults},
  author={Lloyd, William K and Morriss, Jayne and Macdonald, Birthe and Joanknecht, Karin and Nihouarn, Julie and Van Reekum, Carien M},
  journal={NeuroImage},
  volume={225},
  pages={117488},
  year={2021},
  publisher={Elsevier}
}


@article{balducci2022behavioral,
  title={A behavioral and brain imaging dataset with focus on emotion regulation of women with fibromyalgia},
  author={Balducci, Thania and Rasgado-Toledo, Jalil and Valencia, Alely and van Tol, Marie-Jos{\'e} and Aleman, Andr{\'e} and Garza-Villarreal, Eduardo A},
  journal={Scientific Data},
  volume={9},
  number={1},
  pages={581},
  year={2022},
  publisher={Nature Publishing Group UK London}
}


@article{keller2023children,
  title={Children with lower ratings of executive functions have a greater response to the portion size effect},
  author={Keller, Kathleen L and Pearce, Alaina L and Fuchs, Bari and Hallisky, Kyle and Rolls, Barbara J and Wilson, Stephen J and Geier, Charles and Rose, Emma J},
  journal={Appetite},
  volume={186},
  pages={106569},
  year={2023},
  publisher={Elsevier}
}


@article{biswal2010toward,
  title={Toward discovery science of human brain function},
  author={Biswal, Bharat B and Mennes, Maarten and Zuo, Xi-Nian and Gohel, Suril and Kelly, Clare and Smith, Steve M and Beckmann, Christian F and Adelstein, Jonathan S and Buckner, Randy L and Colcombe, Stan and others},
  journal={Proceedings of the national academy of sciences},
  volume={107},
  number={10},
  pages={4734--4739},
  year={2010},
  publisher={National Acad Sciences}
}




@article{noad2024familiarity,
  title={Familiarity enhances functional connectivity between visual and nonvisual regions of the brain during natural viewing},
  author={Noad, Kira N and Watson, David M and Andrews, Timothy J},
  journal={Cerebral Cortex},
  volume={34},
  number={7},
  pages={bhae285},
  year={2024},
  publisher={Oxford University Press}
}


@article{kwok2023developmental,
  title={Developmental dyscalculia is not associated with atypical brain activation: A univariate fMRI study of arithmetic, magnitude processing, and visuospatial working memory},
  author={Kwok, Fu Yu and Wilkey, Eric D and Peters, Lien and Khiu, Ellyn and Bull, Rebecca and Lee, Kerry and Ansari, Daniel},
  journal={Human Brain Mapping},
  volume={44},
  number={18},
  pages={6308--6325},
  year={2023},
  publisher={Wiley Online Library}
}


@article{van2013wu,
  title={The WU-Minn human connectome project: an overview},
  author={Van Essen, David C and Smith, Stephen M and Barch, Deanna M and Behrens, Timothy EJ and Yacoub, Essa and Ugurbil, Kamil and Wu-Minn HCP Consortium and others},
  journal={Neuroimage},
  volume={80},
  pages={62--79},
  year={2013},
  publisher={Elsevier}
}


@article{ponticorvo2022cross,
  title={Cross-modal connectivity effects in age-related hearing loss},
  author={Ponticorvo, Sara and Manara, Renzo and Cassandro, Ettore and Canna, Antonietta and Scarpa, Alfonso and Troisi, Donato and Cassandro, Claudia and Cuoco, Sofia and Cappiello, Arianna and Pellecchia, Maria Teresa and others},
  journal={Neurobiology of Aging},
  volume={111},
  pages={1--13},
  year={2022},
  publisher={Elsevier}
}


@article{min2022emotion,
  title={Emotion downregulation targets interoceptive brain regions while emotion upregulation targets other affective brain regions},
  author={Min, Jungwon and Nashiro, Kaoru and Yoo, Hyun Joo and Cho, Christine and Nasseri, Padideh and Bachman, Shelby L and Porat, Shai and Thayer, Julian F and Chang, Catie and Lee, Tae-Ho and others},
  journal={Journal of Neuroscience},
  volume={42},
  number={14},
  pages={2973--2985},
  year={2022},
  publisher={Soc Neuroscience}
}


@article{goffin2019does,
  title={Does writing handedness affect neural representation of symbolic number? An fMRI adaptation study},
  author={Goffin, Celia and Sokolowski, H Moriah and Slipenkyj, Michael and Ansari, Daniel},
  journal={Cortex},
  volume={121},
  pages={27--43},
  year={2019},
  publisher={Elsevier}
} 


@article{brevers2021increased,
  title={Increased brain reactivity to gambling unavailability as a marker of problem gambling},
  author={Brevers, Damien and Baeken, Chris and Bechara, Antoine and He, Qinghua and Maurage, Pierre and Petieau, Mathieu and Sescousse, Guillaume and V{\"o}gele, Claus and Billieux, Jo{\"e}l},
  journal={Addiction Biology},
  volume={26},
  number={4},
  pages={e12996},
  year={2021},
  publisher={Wiley Online Library}
}


@article{dobrushina2020ability,
  title={The ability to understand emotions is associated with interoception-related insular activation and white matter integrity during aging},
  author={Dobrushina, Olga R and Arina, Galina A and Dobrynina, Larisa A and Suslina, Anastasia D and Solodchik, Polina O and Belopasova, Anastasia V and Gubanova, Mariia V and Sergeeva, Anastasia N and Kremneva, Elena I and Krotenkova, Marina V},
  journal={Psychophysiology},
  volume={57},
  number={5},
  pages={e13537},
  year={2020},
  publisher={Wiley Online Library}
}


@article{taylor2024imaging,
  title={The Imaging Database for Epilepsy And Surgery (IDEAS)},
  author={Taylor, Peter N and Wang, Yujiang and Simpson, Callum and Janiukstyte, Vytene and Horsley, Jonathan and Leiberg, Karoline and Little, Beth and Clifford, Harry and Adler, Sophie and Vos, Sjoerd B and others},
  journal={Epilepsia},
  year={2024},
  publisher={Wiley Online Library}
}


@article{boroshok2022individual,
  title={Individual differences in frontoparietal plasticity in humans},
  author={Boroshok, Austin L and Park, Anne T and Fotiadis, Panagiotis and Velasquez, Gerardo H and Tooley, Ursula A and Simon, Katrina R and Forde, Jasmine CP and Delgado Reyes, Lourdes M and Tisdall, M Dylan and Bassett, Dani S and others},
  journal={npj Science of Learning},
  volume={7},
  number={1},
  pages={14},
  year={2022},
  publisher={Nature Publishing Group UK London}
}


@article{schmidt2024memory,
  title={Memory retrieval effects as a function of differences in phenomenal experience},
  author={Schmidt, Austin H and Kirwan, C Brock},
  journal={Brain Imaging and Behavior},
  pages={1--8},
  year={2024},
  publisher={Springer}
}


@article{mather2020isometric,
  title={Isometric exercise facilitates attention to salient events in women via the noradrenergic system},
  author={Mather, Mara and Huang, Ringo and Clewett, David and Nielsen, Shawn E and Velasco, Ricardo and Tu, Kristie and Han, Sophia and Kennedy, Briana L},
  journal={NeuroImage},
  volume={210},
  pages={116560},
  year={2020},
  publisher={Elsevier}
}


@article{crotti2022handedness,
  title={Handedness impacts the neural correlates of kinesthetic motor imagery and execution: A FMRI study},
  author={Crotti, Monica and Koschutnig, Karl and Wriessnegger, Selina Christin},
  journal={Journal of Neuroscience Research},
  volume={100},
  number={3},
  pages={798--826},
  year={2022},
  publisher={Wiley Online Library}
}




@article{nooner2012nki,
  title={The NKI-Rockland sample: a model for accelerating the pace of discovery science in psychiatry},
  author={Nooner, Kate Brody and Colcombe, Stanley J and Tobe, Russell H and Mennes, Maarten and Benedict, Melissa M and Moreno, Alexis L and Panek, Laura J and Brown, Shaquanna and Zavitz, Stephen T and Li, Qingyang and others},
  journal={Frontiers in neuroscience},
  volume={6},
  pages={152},
  year={2012},
  publisher={Frontiers Media SA}
}


@article{garcia2022individual,
  title={Individual risk attitudes arise from noise in neurocognitive magnitude representations},
  author={Garcia, Miguel Barretto and de Hollander, Gilles and Grueschow, Marcus and Polania, Rafael and Woodford, Michael and Ruff, Christian C},
  journal={bioRxiv},
  pages={2022--08},
  year={2022},
  publisher={Cold Spring Harbor Laboratory}
}






@article{lytle2019longitudinal,
  title={A longitudinal neuroimaging dataset on multisensory lexical processing in school-aged children},
  author={Lytle, Marisa N and McNorgan, Chris and Booth, James R},
  journal={Scientific Data},
  volume={6},
  number={1},
  pages={329},
  year={2019},
  publisher={Nature Publishing Group UK London}
}


@article{noven2021cortical,
  title={Cortical and white matter correlates of language-learning aptitudes},
  author={Nov{\'e}n, Mikael and Olsson, Hampus and Helms, Gunther and Horne, Merle and Nilsson, Markus and Roll, Mikael},
  journal={Human brain mapping},
  volume={42},
  number={15},
  pages={5037--5050},
  year={2021},
  publisher={Wiley Online Library}
}


@article{momenian2024petit,
  title={Le petit prince hong kong (lpphk): Naturalistic fmri and eeg data from older cantonese speakers},
  author={Momenian, Mohammad and Ma, Zhengwu and Wu, Shuyi and Wang, Chengcheng and Brennan, Jonathan and Hale, John and Meyer, Lars and Li, Jixing},
  journal={Scientific data},
  volume={11},
  number={1},
  pages={992},
  year={2024},
  publisher={Nature Publishing Group UK London}
}


@article{li2022petit,
  title={Le Petit Prince multilingual naturalistic fMRI corpus},
  author={Li, Jixing and Bhattasali, Shohini and Zhang, Shulin and Franzluebbers, Berta and Luh, Wen-Ming and Spreng, R Nathan and Brennan, Jonathan R and Yang, Yiming and Pallier, Christophe and Hale, John},
  journal={Scientific data},
  volume={9},
  number={1},
  pages={530},
  year={2022},
  publisher={Nature Publishing Group UK London}
}


@article{rojek2023learning,
  title={Learning rules of engagement for social exchange within and between groups},
  author={Rojek-Giffin, Michael and Lebreton, Ma{\"e}l and Daunizeau, Jean and Fari{\~n}a, Andrea and Gross, J{\"o}rg and De Dreu, Carsten KW},
  journal={Proceedings of the National Academy of Sciences},
  volume={120},
  number={19},
  pages={e2218443120},
  year={2023},
  publisher={National Acad Sciences}
}


@article{bom2024large,
  title={Large-scale fMRI dataset for the design of motor-based Brain-Computer Interfaces},
  author={Bom, Magnus S and Brak, Annette MA and Raemaekers, Mathijs and Ramsey, Nick F and Vansteensel, Mariska J and Branco, Mariana P},
  journal={medRxiv},
  pages={2024--07},
  year={2024},
  publisher={Cold Spring Harbor Laboratory Press}
}


@article{di2023towards,
  title={Towards automated brain aneurysm detection in TOF-MRA: open data, weak labels, and anatomical knowledge},
  author={Di Noto, Tommaso and Marie, Guillaume and Tourbier, Sebastien and Alem{\'a}n-G{\'o}mez, Yasser and Esteban, Oscar and Saliou, Guillaume and Cuadra, Meritxell Bach and Hagmann, Patric and Richiardi, Jonas},
  journal={Neuroinformatics},
  volume={21},
  number={1},
  pages={21--34},
  year={2023},
  publisher={Springer}
}


@article{rogers2023real,
  title={Real-time feedback reduces participant motion during task-based fMRI},
  author={Rogers, Chad S and Jones, Michael S and McConkey, Sarah and McLaughlin, Drew J and Peelle, Jonathan E},
  journal={bioRxiv},
  year={2023},
  publisher={Cold Spring Harbor Laboratory Preprints}
}


@article{cardinale2024multivariate,
  title={Multivariate Assessment of Inhibitory Control in Youth: Links With Psychopathology and Brain Function},
  author={Cardinale, Elise M and Bezek, Jessica and Siegal, Olivia and Freitag, Gabrielle F and Subar, Anni and Khosravi, Parmis and Mallidi, Ajitha and Peterson, Olivia and Morales, Isaac and Haller, Simone P and others},
  journal={Psychological Science},
  volume={35},
  number={4},
  pages={376--389},
  year={2024},
  publisher={Sage Publications Sage CA: Los Angeles, CA}
}


@article{mueckstein2024multitasking,
  title={Multitasking practice eliminates modality-based interference by separating task representations in sensory brain regions},
  author={Mueckstein, Marie and G{\"o}rgen, Kai and Heinzel, Stephan and Granacher, Urs and Rapp, Michael A and Stelzel, Christine},
  journal={Journal of Neuroscience},
  year={2024},
  publisher={Society for Neuroscience}
}


@article{seminowicz2020enhanced,
  title={Enhanced mindfulness-based stress reduction in episodic migraine: a randomized clinical trial with magnetic resonance imaging outcomes},
  author={Seminowicz, David A and Burrowes, Shana AB and Kearson, Alexandra and Zhang, Jing and Krimmel, Samuel R and Samawi, Luma and Furman, Andrew J and Keaser, Michael L and Gould, Neda F and Magyari, Trish and others},
  journal={Pain},
  volume={161},
  number={8},
  pages={1837--1846},
  year={2020},
  publisher={LWW}
}


@article{velanova2008maturational,
  title={Maturational changes in anterior cingulate and frontoparietal recruitment support the development of error processing and inhibitory control},
  author={Velanova, Katerina and Wheeler, Mark E and Luna, Beatriz},
  journal={Cerebral cortex},
  volume={18},
  number={11},
  pages={2505--2522},
  year={2008},
  publisher={Oxford University Press}
}


@article{racey2023open,
  title={An open science mri database of over 100 synaesthetic brains and accompanying deep phenotypic information},
  author={Racey, Chris and Kampoureli, Christina and Bowen-Hill, Oscar and Bauer, Mathilde and Simpson, Ivor and Rae, Charlotte and Del Rio, Magda and Simner, Julia and Ward, Jamie},
  journal={Scientific Data},
  volume={10},
  number={1},
  pages={766},
  year={2023},
  publisher={Nature Publishing Group UK London}
}


@article{feher2023rethinking,
  title={Rethinking model-based and model-free influences on mental effort and striatal prediction errors},
  author={Feher da Silva, Carolina and Lombardi, Gaia and Edelson, Micah and Hare, Todd A},
  journal={Nature Human Behaviour},
  volume={7},
  number={6},
  pages={956--969},
  year={2023},
  publisher={Nature Publishing Group UK London}
}


@article{power2018ridding,
  title={Ridding fMRI data of motion-related influences: Removal of signals with distinct spatial and physical bases in multiecho data},
  author={Power, Jonathan D and Plitt, Mark and Gotts, Stephen J and Kundu, Prantik and Voon, Valerie and Bandettini, Peter A and Martin, Alex},
  journal={Proceedings of the National Academy of Sciences},
  volume={115},
  number={9},
  pages={E2105--E2114},
  year={2018},
  publisher={National Acad Sciences}
}






@article{yau2012nucleus,
  title={Nucleus accumbens response to incentive stimuli anticipation in children of alcoholics: relationships with precursive behavioral risk and lifetime alcohol use},
  author={Yau, Wai-Ying Wendy and Zubieta, Jon-Kar and Weiland, Barbara J and Samudra, Preeti G and Zucker, Robert A and Heitzeg, Mary M},
  journal={Journal of Neuroscience},
  volume={32},
  number={7},
  pages={2544--2551},
  year={2012},
  publisher={Soc Neuroscience}
}


@article{ozono2021magic,
  title={Magic Curiosity Arousing Tricks (MagicCATs): A novel stimulus collection to induce epistemic emotions},
  author={Ozono, Hiroki and Komiya, Asuka and Kuratomi, Kei and Hatano, Aya and Fastrich, Greta and Raw, Jasmine April Louise and Haffey, Anthony and Meliss, Stefanie and Lau, Johnny King L and Murayama, Kou},
  journal={Behavior Research Methods},
  volume={53},
  pages={188--215},
  year={2021},
  publisher={Springer}
}


@article{babayan2019mind,
  title={A mind-brain-body dataset of MRI, EEG, cognition, emotion, and peripheral physiology in young and old adults},
  author={Babayan, Anahit and Erbey, Miray and Kumral, Deniz and Reinelt, Janis D and Reiter, Andrea MF and R{\"o}bbig, Josefin and Schaare, H Lina and Uhlig, Marie and Anwander, Alfred and Bazin, Pierre-Louis and others},
  journal={Scientific data},
  volume={6},
  number={1},
  pages={1--21},
  year={2019},
  publisher={Nature Publishing Group}
}


@article{narai2022movement,
  title={Movement-related artefacts (MR-ART) dataset of matched motion-corrupted and clean structural MRI brain scans},
  author={N{\'a}rai, {\'A}d{\'a}m and Hermann, Petra and Auer, Tibor and Kemenczky, P{\'e}ter and Szalma, J{\'a}nos and Homolya, Istv{\'a}n and Somogyi, Eszter and Vakli, P{\'a}l and Weiss, B{\'e}la and Vidny{\'a}nszky, Zolt{\'a}n},
  journal={Scientific data},
  volume={9},
  number={1},
  pages={630},
  year={2022},
  publisher={Nature Publishing Group UK London}
}




@article{botvinik2019fmri,
  title={fMRI data of mixed gambles from the Neuroimaging Analysis Replication and Prediction Study},
  author={Botvinik-Nezer, Rotem and Iwanir, Roni and Holzmeister, Felix and Huber, J{\"u}rgen and Johannesson, Magnus and Kirchler, Michael and Dreber, Anna and Camerer, Colin F and Poldrack, Russell A and Schonberg, Tom},
  journal={Scientific data},
  volume={6},
  number={1},
  pages={106},
  year={2019},
  publisher={Nature Publishing Group UK London}
}




@article{setton2023age,
  title={Age differences in the functional architecture of the human brain},
  author={Setton, Roni and Mwilambwe-Tshilobo, Laetitia and Girn, Manesh and Lockrow, Amber W and Baracchini, Giulia and Hughes, Colleen and Lowe, Alexander J and Cassidy, Benjamin N and Li, Jian and Luh, Wen-Ming and others},
  journal={Cerebral Cortex},
  volume={33},
  number={1},
  pages={114--134},
  year={2023},
  publisher={Oxford University Press}
}




@article{feng2021neural,
  title={Neural dynamics underlying the acquisition of distinct auditory category structures},
  author={Feng, Gangyi and Gan, Zhenzhong and Yi, Han Gyol and Ell, Shawn W and Roark, Casey L and Wang, Suiping and Wong, Patrick CM and Chandrasekaran, Bharath},
  journal={Neuroimage},
  volume={244},
  pages={118565},
  year={2021},
  publisher={Elsevier}
}


@article{soreq2021neuroimaging,
  title={Neuroimaging evidence for a network sampling theory of individual differences in human intelligence test performance},
  author={Soreq, Eyal and Violante, Ines R and Daws, Richard E and Hampshire, Adam},
  journal={Nature communications},
  volume={12},
  number={1},
  pages={2072},
  year={2021},
  publisher={Nature Publishing Group UK London}
}




@article{keren2021temporal,
  title={The temporal representation of experience in subjective mood},
  author={Keren, Hanna and Zheng, Charles and Jangraw, David C and Chang, Katharine and Vitale, Aria and Rutledge, Robb B and Pereira, Francisco and Nielson, Dylan M and Stringaris, Argyris},
  journal={Elife},
  volume={10},
  pages={e62051},
  year={2021},
  publisher={eLife Sciences Publications, Ltd}
}


@article{nugent2022nimh,
  title={The NIMH intramural healthy volunteer dataset: A comprehensive MEG, MRI, and behavioral resource},
  author={Nugent, Allison C and Thomas, Adam G and Mahoney, Margaret and Gibbons, Alison and Smith, Jarrod T and Charles, Antoinette J and Shaw, Jacob S and Stout, Jeffrey D and Namyst, Anna M and Basavaraj, Arshitha and others},
  journal={Scientific Data},
  volume={9},
  number={1},
  pages={518},
  year={2022},
  publisher={Nature Publishing Group UK London}
}


@article{aliko2020naturalistic,
  title={A naturalistic neuroimaging database for understanding the brain using ecological stimuli},
  author={Aliko, Sarah and Huang, Jiawen and Gheorghiu, Florin and Meliss, Stefanie and Skipper, Jeremy I},
  journal={Scientific Data},
  volume={7},
  number={1},
  pages={347},
  year={2020},
  publisher={Nature Publishing Group UK London}
}


@article{sunavsky2020neuroimaging,
  title={Neuroimaging predictors of creativity in healthy adults},
  author={Sunavsky, Adam and Poppenk, Jordan},
  journal={Neuroimage},
  volume={206},
  pages={116292},
  year={2020},
  publisher={Elsevier}
}


@article{perszyk2023odour,
  title={Odour-imagery ability is linked to food craving, intake, and adiposity change in humans},
  author={Perszyk, Emily E and Davis, Xue S and Djordjevic, Jelena and Jones-Gotman, Marilyn and Trinh, Jessica and Hutelin, Zach and Veldhuizen, Maria G and Koban, Leonie and Wager, Tor D and Kober, Hedy and others},
  journal={Nature Metabolism},
  volume={5},
  number={9},
  pages={1483--1493},
  year={2023},
  publisher={Nature Publishing Group UK London}
}


@article{surani2024examining,
  title={Examining the relationship between psychosocial adversity and inhibitory control: an fMRI study of children growing up in extreme poverty},
  author={Surani, Zoya and Turesky, Ted K and Sullivan, Eileen and Shama, Talat and Haque, Rashidul and Islam, Nazrul and Kakon, Shahria Hafiz and Yu, Xi and Petri, William A and Nelson III, Charles and others},
  journal={bioRxiv},
  pages={2024--02},
  year={2024},
  publisher={Cold Spring Harbor Laboratory}
}


@article{sokolowski2021symbols,
  title={Symbols are special: An fMRI adaptation study of symbolic, nonsymbolic, and non-numerical magnitude processing in the human brain},
  author={Sokolowski, H Moriah and Hawes, Zachary and Peters, Lien and Ansari, Daniel},
  journal={Cerebral Cortex Communications},
  volume={2},
  number={3},
  pages={tgab048},
  year={2021},
  publisher={Oxford University Press}
}


@article{wylie2023hippocampal,
  title={Hippocampal, basal ganglia and olfactory connectivity contribute to cognitive impairments in Parkinson's disease},
  author={Wylie, Korey P and Kluger, Benzi M and Medina, Luis D and Holden, Samantha K and Kronberg, Eugene and Tregellas, Jason R and Buard, Isabelle},
  journal={European Journal of Neuroscience},
  volume={57},
  number={3},
  pages={511--526},
  year={2023},
  publisher={Wiley Online Library}
}


@article{valdebenito2024parietal,
  title={The parietal cortex has a causal role in ambiguity computations in humans},
  author={Valdebenito-Oyarzo, Gabriela and Mart\'{i}nez-Molina, Mar\'{i}a Paz and Soto-Icaza, Patricia and Zamorano, Francisco and Figueroa-Vargas, Alejandra and Larra\'{i}n-Valenzuela, Josefina and Stecher, Ximena and Salinas, C{\'e}sar and Bastin, Julien and Valero-Cabr{\'e}, Antoni and others},
  journal={PLoS Biology},
  volume={22},
  number={1},
  pages={e3002452},
  year={2024},
  publisher={Public Library of Science San Francisco, CA USA}
}


@article{visser2022naturalistic,
  title={A naturalistic paradigm to investigate postencoding neural activation patterns in relation to subsequent voluntary and intrusive recall of distressing events},
  author={Visser, Ren{\'e}e M and Henson, Richard N and Holmes, Emily A},
  journal={Biological Psychiatry: Cognitive Neuroscience and Neuroimaging},
  volume={7},
  number={10},
  pages={960--969},
  year={2022},
  publisher={Elsevier}
}


@article{lopez2024source,
  title={Is source-resolved magnetoencephalographic mismatch negativity a viable biomarker for early psychosis?},
  author={L{\'o}pez-Caballero, Fran and Curtis, Mark and Coffman, Brian A and Salisbury, Dean F},
  journal={European Journal of Neuroscience},
  volume={59},
  number={8},
  pages={1889--1906},
  year={2024},
  publisher={Wiley Online Library}
}


@article{mcdonald2019bayesian,
  title={Bayesian nonparametric models characterize instantaneous strategies in a competitive dynamic game},
  author={McDonald, Kelsey R and Broderick, William F and Huettel, Scott A and Pearson, John M},
  journal={Nature communications},
  volume={10},
  number={1},
  pages={1808},
  year={2019},
  publisher={Nature Publishing Group UK London}
}


@article{reyes2023contribution,
  title={Contribution and functional connectivity between cerebrum and cerebellum on sub-lexical and lexical-semantic processing of verbs},
  author={Reyes-Aguilar, Azalea and Licea-Haquet, Giovanna and Arce, Brenda I and Giordano, Magda},
  journal={Plos one},
  volume={18},
  number={9},
  pages={e0291558},
  year={2023},
  publisher={Public Library of Science San Francisco, CA USA}
}


@article{cohen2024intersubject,
  title={Intersubject correlations in reward and mentalizing brain circuits separately predict persuasiveness of two types of ISIS video propaganda},
  author={Cohen, Michael S and Leong, Yuan Chang and Ruby, Keven and Pape, Robert A and Decety, Jean},
  journal={Scientific reports},
  volume={14},
  number={1},
  pages={13455},
  year={2024},
  publisher={Nature Publishing Group UK London}
}




@article{botvinik2024placebo,
  title={Placebo treatment affects brain systems related to affective and cognitive processes, but not nociceptive pain},
  author={Botvinik-Nezer, Rotem and Petre, Bogdan and Ceko, Marta and Lindquist, Martin A and Friedman, Naomi P and Wager, Tor D},
  journal={Nature communications},
  volume={15},
  number={1},
  pages={6017},
  year={2024},
  publisher={Nature Publishing Group UK London}
}


@article{schuch2023open,
  title={An open presurgery MRI dataset of people with epilepsy and focal cortical dysplasia type II},
  author={Schuch, Fabiane and Walger, Lennart and Schmitz, Matthias and David, Bastian and Bauer, Tobias and Harms, Antonia and Fischbach, Laura and Schulte, Freya and Schidlowski, Martin and Reiter, Johannes and others},
  journal={Scientific Data},
  volume={10},
  number={1},
  pages={475},
  year={2023},
  publisher={Nature Publishing Group UK London}
}


@article{van2016heterogeneity,
  title={The heterogeneity in retrieved relations between the personality trait ‘harm avoidance’and gray matter volumes due to variations in the VBM and ROI labeling processing settings},
  author={Van Schuerbeek, Peter and Baeken, Chris and De Mey, Johan},
  journal={PloS one},
  volume={11},
  number={4},
  pages={e0153865},
  year={2016},
  publisher={Public Library of Science San Francisco, CA USA}
}


@article{strike2023queensland,
  title={The Queensland Twin Adolescent Brain Project, a longitudinal study of adolescent brain development},
  author={Strike, Lachlan T and Hansell, Narelle K and Chuang, Kai-Hsiang and Miller, Jessica L and de Zubicaray, Greig I and Thompson, Paul M and McMahon, Katie L and Wright, Margaret J},
  journal={Scientific Data},
  volume={10},
  number={1},
  pages={195},
  year={2023},
  publisher={Nature Publishing Group UK London}
}


@article{strike2023queensland,
  title={The Queensland Twin Adolescent Brain Project, a longitudinal study of adolescent brain development},
  author={Strike, Lachlan T and Hansell, Narelle K and Chuang, Kai-Hsiang and Miller, Jessica L and de Zubicaray, Greig I and Thompson, Paul M and McMahon, Katie L and Wright, Margaret J},
  journal={Scientific Data},
  volume={10},
  number={1},
  pages={195},
  year={2023},
  publisher={Nature Publishing Group UK London}
}


@article{li2019reading,
  title={Reading comprehension in L1 and L2: An integrative approach},
  author={Li, Ping and Clariana, Roy B},
  journal={Journal of Neurolinguistics},
  volume={50},
  pages={94--105},
  year={2019},
  publisher={Elsevier}
}


@article{li2019reading,
  title={Reading comprehension in L1 and L2: An integrative approach},
  author={Li, Ping and Clariana, Roy B},
  journal={Journal of Neurolinguistics},
  volume={50},
  pages={94--105},
  year={2019},
  publisher={Elsevier}
}


@article{bathelt2024relationship,
  title={Relationship between resting state functional connectivity and reading-related behavioural measures in 69 adults},
  author={Bathelt, Joe and Rastle, Kathleen and Taylor, JSH},
  journal={Neurobiology of Language},
  pages={1--19},
  year={2024},
  publisher={MIT Press 255 Main Street, 9th Floor, Cambridge, Massachusetts 02142, USA}
}


@article{banfi2021reading,
  title={Reading-related functional activity in children with isolated spelling deficits and dyslexia},
  author={Banfi, Chiara and Koschutnig, Karl and Moll, Kristina and Schulte-K{\"o}rne, Gerd and Fink, Andreas and Landerl, Karin},
  journal={Language, Cognition and Neuroscience},
  volume={36},
  number={5},
  pages={543--561},
  year={2021},
  publisher={Taylor \& Francis}
}


@article{bezmaternykh2021brain,
  title={Brain networks connectivity in mild to moderate depression: resting state fMRI study with implications to nonpharmacological treatment},
  author={Bezmaternykh, Dmitry D and Melnikov, Mikhail Ye and Savelov, Andrey A and Kozlova, Lyudmila I and Petrovskiy, Evgeniy D and Natarova, Kira A and Shtark, Mark B},
  journal={Neural plasticity},
  volume={2021},
  number={1},
  pages={8846097},
  year={2021},
  publisher={Wiley Online Library}
}


@article{wahlheim2021connectome,
  title={Connectome-based Modeling of Mnemonic Discrimination in Younger and Older Adults},
  author={Wahlheim, Christopher N and Christensen, Alexander P and Reagh, Zachariah M and Cassidy, Brittany S},
  journal={bioRxiv},
  pages={2021--07},
  year={2021},
  publisher={Cold Spring Harbor Laboratory}
}


@book{gold2018exploring,
  title={Exploring the resting state neural activity of monolinguals and late and early bilinguals},
  author={Gold, Carrie Elizabeth},
  year={2018},
  publisher={Brigham Young University}
}


@article{vidorreta2013comparison,
  title={Comparison of 2D and 3D single-shot ASL perfusion fMRI sequences},
  author={Vidorreta, Marta and Wang, Ze and Rodr\'{i}guez, Ignacio and Pastor, Mar\'{i}a A and Detre, John A and Fern{\'a}ndez-Seara, Mar\'{i}a A},
  journal={Neuroimage},
  volume={66},
  pages={662--671},
  year={2013},
  publisher={Elsevier}
}


@article{dobrushina2020modulation,
  title={Modulation of intrinsic brain connectivity by implicit electroencephalographic neurofeedback},
  author={Dobrushina, Olga R and Vlasova, Roza M and Rumshiskaya, Alena D and Litvinova, Liudmila D and Mershina, Elena A and Sinitsyn, Valentin E and Pechenkova, Ekaterina V},
  journal={Frontiers in human neuroscience},
  volume={14},
  pages={527026},
  year={2020},
  publisher={Frontiers}
}


@article{liu2022intranasal,
  title={Intranasal oxytocin modulates the salience network in aging},
  author={Liu, Peiwei and Lin, Tian and Feifel, David and Ebner, Natalie C},
  journal={NeuroImage},
  volume={253},
  pages={119045},
  year={2022},
  publisher={Elsevier}
}


@article{gifford2024silico,
  title={In silico discovery of representational relationships across visual cortex},
  author={Gifford, Alessandro T and Jastrz{\k{e}}bowska, Maya A and Singer, Johannes JD and Cichy, Radoslaw M},
  journal={arXiv preprint arXiv:2411.10872},
  year={2024}
}


@article{zareba2022late,
  title={Late chronotype is linked to greater cortical thickness in the left fusiform and entorhinal gyri},
  author={Zareba, Michal Rafal and Fafrowicz, Magdalena and Marek, Tadeusz and Beldzik, Ewa and Oginska, Halszka and Domagalik, Aleksandra},
  journal={Biological Rhythm Research},
  volume={53},
  number={10},
  pages={1626--1638},
  year={2022},
  publisher={Taylor \& Francis}
}




@article{fitzgerald2017sequential,
  title={Sequential inference as a mode of cognition and its correlates in fronto-parietal and hippocampal brain regions},
  author={FitzGerald, Thomas HB and H{\"a}mmerer, Dorothea and Friston, Karl J and Li, Shu-Chen and Dolan, Raymond J},
  journal={PLoS computational biology},
  volume={13},
  number={5},
  pages={e1005418},
  year={2017},
  publisher={Public Library of Science San Francisco, CA USA}
}


@article{dundon2024dissociation,
  title={Dissociation of novel open loop from ventral putamen to motor areas from classic closed loop in humans II: task-based function},
  author={Dundon, Neil M and Rizor, Elizabeth and Stasiak, Joanne and Wang, Jingyi and Sabugo, Kiana and Villaneuva, Christina and Barandon, Parker and Bostan, Andreea C and Lapate, Regina C and Grafton, Scott T},
  journal={bioRxiv},
  pages={2024--06},
  year={2024},
  publisher={Cold Spring Harbor Laboratory}
}


@article{smith2024fmri,
  title={An fMRI dataset of social and nonsocial reward processing in young adults},
  author={Smith, David V and Wyngaarden, James and Sharp, Cooper J and Sazhin, Daniel and Zaff, Ori and Fareri, Dominic and Jarcho, Johanna},
  journal={Data in Brief},
  volume={53},
  pages={110197},
  year={2024},
  publisher={Elsevier}
}


@article{absher2024stroke,
  title={The stroke outcome optimization project: Acute ischemic strokes from a comprehensive stroke center},
  author={Absher, John and Goncher, Sarah and Newman-Norlund, Roger and Perkins, Nicholas and Yourganov, Grigori and Vargas, Jan and Sivakumar, Sanjeev and Parti, Naveen and Sternberg, Shannon and Teghipco, Alex and others},
  journal={Scientific Data},
  volume={11},
  number={1},
  pages={839},
  year={2024},
  publisher={Nature Publishing Group UK London}
}


@article{glick2024concurrent,
  title={Concurrent single-pulse (sp) TMS/fMRI to reveal the causal connectome in healthy and patient populations},
  author={Glick, Cameron C and Gajawelli, Niharika and Sun, Yinming and Badami, Faizan and Saggar, Manish and Etkin, Amit},
  journal={bioRxiv},
  pages={2024--09},
  year={2024},
  publisher={Cold Spring Harbor Laboratory}
}


@article{miranda2024sympathovagal,
  title={Sympathovagal quotient and resting-state functional connectivity of control networks are related to gut Ruminococcaceae abundance in healthy men},
  author={Miranda-Angulo, Ana L and S{\'a}nchez-L{\'o}pez, Juan D and Vargas-Tejada, Daniel A and Hawkins-Caicedo, Valentina and Calder{\'o}n, Juan C and Gallo-Villegas, Jaime and Alzate-Restrepo, Juan F and Suarez-Revelo, Jazmin X and Castrill{\'o}n, Gabriel},
  journal={Psychoneuroendocrinology},
  volume={164},
  pages={107003},
  year={2024},
  publisher={Elsevier}
}


@article{miranda2024sympathovagal,
  title={Sympathovagal quotient and resting-state functional connectivity of control networks are related to gut Ruminococcaceae abundance in healthy men},
  author={Miranda-Angulo, Ana L and S{\'a}nchez-L{\'o}pez, Juan D and Vargas-Tejada, Daniel A and Hawkins-Caicedo, Valentina and Calder{\'o}n, Juan C and Gallo-Villegas, Jaime and Alzate-Restrepo, Juan F and Suarez-Revelo, Jazmin X and Castrill{\'o}n, Gabriel},
  journal={Psychoneuroendocrinology},
  volume={164},
  pages={107003},
  year={2024},
  publisher={Elsevier}
}


@article{smith2024social,
  title={Social reward and nonsocial reward processing across the adult lifespan: An interim multi-echo fMRI and diffusion dataset},
  author={Smith, David V and Sharp, Cooper J and Dachs, Abraham and Wyngaarden, James and Sazhin, Daniel and Yang, Yi and Kos, Melanie and Tropea, Tia and Kohli, Ishika and Clithero, John A and others},
  journal={Data in Brief},
  volume={56},
  pages={110810},
  year={2024},
  publisher={Elsevier}
}


@article{tamm2020combined,
  title={A combined fMRI and EMG study of emotional contagion following partial sleep deprivation in young and older humans},
  author={Tamm, Sandra and Schwarz, Johanna and Thun{\'e}, Hanna and Kecklund, G{\"o}ran and Petrovic, Predrag and {\AA}kerstedt, Torbj{\"o}rn and Fischer, H{\aa}kan and Lekander, Mats and Nilsonne, Gustav},
  journal={Scientific reports},
  volume={10},
  number={1},
  pages={17944},
  year={2020},
  publisher={Nature Publishing Group UK London}
}


@article{zadbood2022neural,
  title={Neural representations of naturalistic events are updated as our understanding of the past changes},
  author={Zadbood, Asieh and Nastase, Samuel and Chen, Janice and Norman, Kenneth A and Hasson, Uri},
  journal={Elife},
  volume={11},
  pages={e79045},
  year={2022},
  publisher={eLife Sciences Publications Limited}
}


@article{garza2017effect,
  title={The effect of crack cocaine addiction and age on the microstructure and morphology of the human striatum and thalamus using shape analysis and fast diffusion kurtosis imaging},
  author={Garza-Villarreal, Eduardo A and Chakravarty, M Mallar and Hansen, Brian and Eskildsen, Simon F and Devenyi, Gabriel A and Castillo-Padilla, Diana and Balducci, Thania and Reyes-Zamorano, Ernesto and Jespersen, Sune N and Perez-Palacios, Pamela and others},
  journal={Translational psychiatry},
  volume={7},
  number={5},
  pages={e1122--e1122},
  year={2017},
  publisher={Nature Publishing Group}
}


@article{angeles2024mexican,
  title={The Mexican dataset of a repetitive transcranial magnetic stimulation clinical trial on cocaine use disorder patients: SUDMEX TMS},
  author={Angeles-Valdez, Diego and Rasgado-Toledo, Jalil and Villica{\~n}a, Viviana and Davalos-Guzman, Alan and Almanza, Cristina and Fajardo-Valdez, Alfonso and Alcala-Lozano, Ruth and Garza-Villarreal, Eduardo A},
  journal={Scientific Data},
  volume={11},
  number={1},
  pages={408},
  year={2024},
  publisher={Nature Publishing Group UK London}
}


@article{chen2024thalamocortical,
  title={Thalamocortical contributions to hierarchical cognitive control},
  author={Chen, Xitong and Leach, Stephanie C and Hollis, Juniper and Cellier, Dillan and Hwang, Kai},
  journal={bioRxiv},
  pages={2024--06},
  year={2024},
  publisher={Cold Spring Harbor Laboratory}
}


@article{rominger2024mri,
  title={MRI resting-state signature of the propensity to experience meaningful coincidences: a functional coupling analysis},
  author={Rominger, Christian and Koschutnig, Karl and Fink, Andreas and Perchtold-Stefan, Corinna M},
  journal={Cerebral Cortex},
  volume={34},
  number={7},
  pages={bhae269},
  year={2024},
  publisher={Oxford University Press}
}


@article{chopra2024transdiagnostic,
  title={The Transdiagnostic Connectome Project: a richly phenotyped open dataset for advancing the study of brain-behavior relationships in psychiatry},
  author={Chopra, Sidhant and Cocuzza, Carrisa V and Lawhead, Connor and Ricard, Jocelyn A and Labache, Lo{\"\i}c and Patrick, Lauren M and Kumar, Poornima and Rubenstein, Arielle and Moses, Julia and Chen, Lia and others},
  journal={medRxiv},
  year={2024}
}


@article{van2022evidence,
  title={Evidence for a single rather than a triple dissociation in the medial temporal lobe: An fMRI recognition memory replication study},
  author={Van, Julie and Nielsen, Sam E and Kirwan, C Brock},
  journal={Neuroimage: Reports},
  volume={2},
  number={4},
  pages={100135},
  year={2022},
  publisher={Elsevier}
}




@article{fajardo2024functional,
  title={Functional correlates of cognitive performance and working memory in temporal lobe epilepsy: Insights from task-based and resting-state fMRI},
  author={Fajardo-Valdez, Alfonso and Camacho-T{\'e}llez, Vicente and Rodr\'{i}guez-Cruces, Ra{\'u}l and Garc\'{i}a-Gomar, Mar\'{i}a Luisa and Pasaye, Erick Humberto and Concha, Luis},
  journal={Plos one},
  volume={19},
  number={3},
  pages={e0295142},
  year={2024},
  publisher={Public Library of Science San Francisco, CA USA}
}


@article{koschutnig2024tidying,
  title={Tidying up white matter: Neuroplastic transformations in sensorimotor tracts following slackline skill acquisition},
  author={Koschutnig, Karl and Weber, Bernhard and Fink, Andreas},
  journal={Human Brain Mapping},
  volume={45},
  number={16},
  pages={e26791},
  year={2024},
  publisher={Wiley Online Library}
}


@article{gorgolewski2017preprocessed,
  title={Preprocessed consortium for neuropsychiatric phenomics dataset},
  author={Gorgolewski, Krzysztof J and Durnez, Joke and Poldrack, Russell A},
  journal={F1000Research},
  volume={6},
  year={2017},
  publisher={Faculty of 1000 Ltd}
}


@article{rozenkrantz2020unexplained,
  title={Unexplained repeated pregnancy loss is associated with altered perceptual and brain responses to men’s body-odor},
  author={Rozenkrantz, Liron and Weissgross, Reut and Weiss, Tali and Ravreby, Inbal and Frumin, Idan and Shushan, Sagit and Gorodisky, Lior and Reshef, Netta and Holzman, Yael and Pinchover, Liron and others},
  journal={Elife},
  volume={9},
  pages={e55305},
  year={2020},
  publisher={eLife Sciences Publications, Ltd}
}




@article{peelle2022increased,
  title={Increased connectivity among sensory and motor regions during visual and audiovisual speech perception},
  author={Peelle, Jonathan E and Spehar, Brent and Jones, Michael S and McConkey, Sarah and Myerson, Joel and Hale, Sandra and Sommers, Mitchell S and Tye-Murray, Nancy},
  journal={Journal of neuroscience},
  volume={42},
  number={3},
  pages={435--442},
  year={2022},
  publisher={Soc Neuroscience}
}


@article{ehlers2024valenced,
  title={Valenced tactile information is evoked by neutral visual cues following emotional learning},
  author={Ehlers, Mana R and Kryklywy, James H and Beukers, Andre O and Moore, Sarah R and Forys, Brandon J and Anderson, Adam K and Todd, Rebecca M},
  journal={Imaging Neuroscience},
  volume={2},
  pages={1--16},
  year={2024},
  publisher={MIT Press 255 Main Street, 9th Floor, Cambridge, Massachusetts 02142, USA}
}


@article{repovvs2012working,
  title={Working memory related brain network connectivity in individuals with schizophrenia and their siblings},
  author={Repov{\v{s}}, Grega and Barch, Deanna M},
  journal={Frontiers in human neuroscience},
  volume={6},
  pages={137},
  year={2012},
  publisher={Frontiers Research Foundation}
}


@article{lytle2020neuroimaging,
  title={A neuroimaging dataset on working memory and reward processing in children with and without ADHD},
  author={Lytle, Marisa N and Hammer, Rubi and Booth, James R},
  journal={Data in Brief},
  volume={31},
  pages={105801},
  year={2020},
  publisher={Elsevier}
}


@article{power2013evidence,
  title={Evidence for hubs in human functional brain networks},
  author={Power, Jonathan D and Schlaggar, Bradley L and Lessov-Schlaggar, Christina N and Petersen, Steven E},
  journal={Neuron},
  volume={79},
  number={4},
  pages={798--813},
  year={2013},
  publisher={Elsevier}
}

